%% This BibTeX bibliography file was created using BibDesk.
%% http://bibdesk.sourceforge.net/

%% Created for Nicolae Cadin at 2018-05-13 12:31:39 +0200 


%% Saved with string encoding Unicode (UTF-8) 



@book{link1,
	Date-Added = {2018-05-13 10:24:18 +0000},
	Date-Modified = {2018-05-13 10:29:42 +0000},
	Publisher = {http://www.phys.ncku.edu.tw/~cctsai/teaching/10202/gaussian%20beam%20derive.pdf},
	Title = {Chapter 2 Gaussian Beam Propagation}}

@book{link2,
	Author = {Prof. Dr. Christoph Pflaum},
	Date-Added = {2018-05-13 10:06:32 +0000},
	Date-Modified = {2018-05-13 10:17:35 +0000},
	Publisher = {FAU},
	Title = {Script: Computational Optics SS 2017},
	Year = {2017}}

@book{pedrola2015beam,
	Author = {Pedrola, Gin{\'e}s Lifante},
	Publisher = {John Wiley \& Sons},
	Title = {Beam Propagation Method for Design of Optical Waveguide Devices},
	Year = {2015}}
